<?xml version="1.0" encoding="UTF-8"?><collection xmlns="http://www.loc.gov/MARC21/slim"><record><leader>00454nam--2200133-i-4500</leader><controlfield tag="001">000011222</controlfield><controlfield tag="002">20161230</controlfield><controlfield tag="005">20161230201029</controlfield><controlfield tag="008">060222s1000------------r-----000-0-eng-d</controlfield><datafield ind1=" " ind2=" " tag="080"><subfield code="a">061.62:54(047)(41-4)</subfield></datafield><datafield ind1=" " ind2=" " tag="245"><subfield code="a">Aere harwell applied chemistry division un- classified progress report and bibliography. for the period lst april 1975 to 31 march 1976</subfield></datafield><datafield ind1=" " ind2=" " tag="260"><subfield code="a">Harwell, United Kingdom Atomic Energy Authority, 1976 24 P</subfield></datafield><datafield ind1=" " ind2=" " tag="490"><subfield code="a">14</subfield></datafield><datafield ind1=" " ind2=" " tag="852"><subfield code="a">51805</subfield></datafield></record></collection>